@book{Bo17,
  title={A Walk Through Combinatorics: An Introduction to Enumeration and Graph Theory},
  author={B{\'o}na, M.},
  isbn={9789813148840},
  lccn={2016030119},
  url={https://books.google.com.br/books?id=5az1vQAACAAJ},
  year={2017},
  publisher={World Scientific}
}

@book {Di18,
    AUTHOR = {Diestel, Reinhard},
     TITLE = {Graph theory},
    SERIES = {Graduate Texts in Mathematics},
    VOLUME = {173},
   EDITION = {Fifth},
      NOTE = {Paperback edition of [ MR3644391]},
 PUBLISHER = {Springer, Berlin},
      YEAR = {2018},
     PAGES = {xviii+428},
      ISBN = {978-3-662-57560-4; 978-3-662-53621-6},
   MRCLASS = {05-01 (01A75 05Cxx)},
  MRNUMBER = {3822066},
}

@book {AiZi14,
    AUTHOR = {Aigner, Martin and Ziegler, G\"{u}nter M.},
     TITLE = {Proofs from {T}he {B}ook},
   EDITION = {Fifth},
      NOTE = {Including illustrations by Karl H. Hofmann},
 PUBLISHER = {Springer-Verlag, Berlin},
      YEAR = {2014},
     PAGES = {viii+308},
      ISBN = {978-3-662-44204-3; 978-3-662-44205-0},
   MRCLASS = {00A05},
  MRNUMBER = {3288091},
       DOI = {10.1007/978-3-662-44205-0},
       URL = {https://doi.org/10.1007/978-3-662-44205-0},
}

@book {Ju11,
    AUTHOR = {Jukna, Stasys},
     TITLE = {Extremal combinatorics},
    SERIES = {Texts in Theoretical Computer Science. An EATCS Series},
   EDITION = {Second},
      NOTE = {With applications in computer science},
 PUBLISHER = {Springer, Heidelberg},
      YEAR = {2011},
     PAGES = {xxiii+411},
      ISBN = {978-3-642-17363-9},
   MRCLASS = {05-01 (05D05 05D40 60C05 68Q25 68R05)},
  MRNUMBER = {2865719},
MRREVIEWER = {Sebastian M. Cioab\u{a}},
       DOI = {10.1007/978-3-642-17364-6},
       URL = {https://doi.org/10.1007/978-3-642-17364-6},
}

@article {BaMoSa15,
    AUTHOR = {Balogh, J\'{o}zsef and Morris, Robert and Samotij, Wojciech},
     TITLE = {Independent sets in hypergraphs},
   JOURNAL = {J. Amer. Math. Soc.},
  FJOURNAL = {Journal of the American Mathematical Society},
    VOLUME = {28},
      YEAR = {2015},
    NUMBER = {3},
     PAGES = {669--709},
      ISSN = {0894-0347},
   MRCLASS = {05C65 (05D40)},
  MRNUMBER = {3327533},
MRREVIEWER = {Vladimir D. Samodivkin},
       DOI = {10.1090/S0894-0347-2014-00816-X},
       URL = {https://doi.org/10.1090/S0894-0347-2014-00816-X},
}

@article {SaTh15,
    AUTHOR = {Saxton, David and Thomason, Andrew},
     TITLE = {Hypergraph containers},
   JOURNAL = {Invent. Math.},
  FJOURNAL = {Inventiones Mathematicae},
    VOLUME = {201},
      YEAR = {2015},
    NUMBER = {3},
     PAGES = {925--992},
      ISSN = {0020-9910},
   MRCLASS = {05C65 (05C69)},
  MRNUMBER = {3385638},
MRREVIEWER = {Eoin Long},
       DOI = {10.1007/s00222-014-0562-8},
       URL = {https://doi.org/10.1007/s00222-014-0562-8},
}