 @misc{w3techs,
     title={Usage statistics of operating systems for websites},
     url={https://w3techs.com/technologies/overview/operating_system},
                //journal={W3Techs}, author={W3Techs, N/A}, year={2022}} 